% Encoding: UTF-8

@article{donvir2024application,
  title={Application State Management (ASM) in the Modern Web and Mobile Applications: A Comprehensive Review},
  author={Donvir, Anujkumarsinh and Jain, Apeksha and Saraswathi, Pradeep Kumar},
  journal={arXiv preprint arXiv:2407.19318},
  year={2024}
}

@misc{historyOfRedux,
  author = {Mark Erikson (markerikson), Eng Zer Jun (Juneezee)},
  title = {A (Brief) History of Redux},
  year = {2023},
  url = {https://redux.js.org/understanding/history-and-design/history-of-redux},
  note = {official documentation},
}

@misc{ngrxGettingStarted,
  author = {Brandon Roberts (brandonroberts)},
  title = {Getting Started},
  year = {2024},
  url = {https://ngrx.io/guide/store},
  note = {official documentation},
}

@mics{reduxStateActionReducers,
  author = {Mark Erikson (markerikson)},
  title = {Redux Fundamentals, Part 3: State, Actions, and Reducers},
  year = {2024},
  url = {https://redux.js.org/tutorials/fundamentals/part-3-state-actions-reducers},
  note = {official documentation},
}