% Encoding: UTF-8


@Misc{GlossariesPackage,
  Title                    = {The glossaries package v4.35: a guide for beginners},
  Author                   = {Nicola L.C. Talbot},
  HowPublished             = {Web},
  Month                    = {Nov.},
  Year                     = {2017},
  URL                      = {http://ctan.math.utah.edu/tex-archive/macros/latex/contrib/glossaries/glossariesbegin.pdf}
}

@Book{schlosser2016wissenschaftliche,
  Title                    = {Wissenschaftliche Arbeiten schreiben mit LaTeX: Leitfaden f{\"u}r Einsteiger},
  Author                   = {Schlosser, J.},
  Year                     = {2016},
  Series                   = {mitp Professional},
  ISBN                     = {9783958452909}
}

